<?xml version="1.0" encoding="UTF-8"?>
<record xmlns="http://www.loc.gov/MARC21/slim" xmlns:xsi="http://www.w3.org/2001/XMLSchema-instance" xsi:schemaLocation="http://www.loc.gov/MARC21/slim http://www.loc.gov/standards/marcxml/schema/MARC21slim.xsd">
<leader>     nam a2200313 a 4500</leader>
<controlfield tag="001">001272345</controlfield>
<controlfield tag="003">NNU</controlfield>
<controlfield tag="005">20061010172811.0</controlfield>
<controlfield tag="008">970808s1896    ua            000 0 arar</controlfield>
<datafield tag="010" ind1=" " ind2=" ">
<subfield code="a">ne 68002891</subfield>
</datafield>
<datafield tag="035" ind1="9" ind2=" ">
<subfield code="a">NYUb11656136</subfield>
</datafield>
<datafield tag="035" ind1=" " ind2=" ">
<subfield code="a">(CStRLIN)NYUG97-B2570</subfield>
</datafield>
<datafield tag="040" ind1=" " ind2=" ">
<subfield code="c">CarP</subfield>
<subfield code="d">NNU</subfield>
</datafield>
<datafield tag="050" ind1="0" ind2=" ">
<subfield code="a">DS84</subfield>
<subfield code="b">.N3 1896</subfield>
</datafield>
<datafield tag="066" ind1=" " ind2=" ">
<subfield code="c">(3</subfield>
</datafield>
<datafield tag="090" ind1=" " ind2=" ">
<subfield code="a">DS84</subfield>
<subfield code="b">.N3 1896</subfield>
</datafield>
<datafield tag="100" ind1="1" ind2=" ">
<subfield code="6">880-01</subfield>
<subfield code="a">Nawfal, Nasīm,</subfield>
<subfield code="d">1846-1899.</subfield>
</datafield>
<datafield tag="240" ind1="1" ind2="0">
<subfield code="6">880-02</subfield>
<subfield code="a">Baṭal Lubnān</subfield>
</datafield>
<datafield tag="245" ind1="1" ind2="0">
<subfield code="6">880-03</subfield>
<subfield code="a">Kitāb baṭal Lubnān al-shahīr al-ṭāʼir al-ṣīt al-marḥūm Yūsuf Bak Karam /</subfield>
<subfield code="c">taʼlīf Nasīm Nawfal.</subfield>
</datafield>
<datafield tag="260" ind1=" " ind2=" ">
<subfield code="6">880-04</subfield>
<subfield code="a">al-Iskandarīyah :</subfield>
<subfield code="b">al-Maṭbaʻah al-Waṭanīyah,</subfield>
<subfield code="c">1896.</subfield>
</datafield>
<datafield tag="300" ind1=" " ind2=" ">
<subfield code="a">252 p. ;</subfield>
<subfield code="c">24 cm.</subfield>
</datafield>
<datafield tag="500" ind1=" " ind2=" ">
<subfield code="a">A 2d vol. was projected but never appeared.</subfield>
</datafield>
<datafield tag="504" ind1=" " ind2=" ">
<subfield code="a">Includes bibliographical references (p. 35).</subfield>
</datafield>
<datafield tag="505" ind1="1" ind2=" ">
<subfield code="a">Jabal Lubnān -- Ibrāhīm Bāshā -- ʻĀʼilat Bayt Karam -- Baṭal Lubnān -- al-Khawājah Salīm Shadīd</subfield>
</datafield>
<datafield tag="600" ind1="0" ind2="0">
<subfield code="a">Yūsuf Bak Karam,</subfield>
<subfield code="d">1822-1889.</subfield>
</datafield>
<datafield tag="880" ind1="1" ind2=" ">
<subfield code="6">100-01/</subfield>
<subfield code="a">نوفل، نسيم.</subfield>
</datafield>
<datafield tag="880" ind1="1" ind2="0">
<subfield code="6">240-02/</subfield>
<subfield code="a">بطل لبنان.</subfield>
</datafield>
<datafield tag="880" ind1="1" ind2="0">
<subfield code="6">245-03/</subfield>
<subfield code="a">كتاب بطل لبنان الشهير الطائر الصيت المرحوم يوسف بك كرم /</subfield>
<subfield code="c">تأليف نسيم نوفل.</subfield>
</datafield>
<datafield tag="880" ind1=" " ind2=" ">
<subfield code="6">260-04/</subfield>
<subfield code="a">الاسكندرية :</subfield>
<subfield code="b">المطبعة الوطنية،</subfield>
<subfield code="c">١٨٩٦.</subfield>
</datafield>
<datafield tag="OWN" ind1=" " ind2=" ">
<subfield code="a">GENERAL</subfield>
</datafield>
<datafield tag="998" ind1=" " ind2=" ">
<subfield code="a">19970808</subfield>
<subfield code="d">19970808</subfield>
<subfield code="d">19970808</subfield>
<subfield code="n">NNU</subfield>
<subfield code="s">1</subfield>
<subfield code="t">c</subfield>
<subfield code="z">e</subfield>
</datafield>
<datafield tag="AVA" ind1=" " ind2=" ">
<subfield code="a">NYU50</subfield>
<subfield code="b">BOBST</subfield>
<subfield code="c">Main Collection</subfield>
<subfield code="d">DS84 .N3 1896</subfield>
<subfield code="e">unavailable</subfield>
<subfield code="t">Unavailable</subfield>
<subfield code="f">1</subfield>
<subfield code="g">1</subfield>
<subfield code="h">N</subfield>
<subfield code="i">0</subfield>
<subfield code="j">MAIN</subfield>
<subfield code="k">0</subfield>
</datafield>
</record>
